<ENVELOPE>
 <HEADER>
  <TALLYREQUEST>Import Data</TALLYREQUEST>
 </HEADER>
 <BODY>
  <IMPORTDATA>
   <REQUESTDESC>
    <REPORTNAME>Vouchers</REPORTNAME>
    <STATICVARIABLES>
     <SVCURRENTCOMPANY>Alcor Fund Pvt Ltd</SVCURRENTCOMPANY>
    </STATICVARIABLES>
   </REQUESTDESC>
   <REQUESTDATA>
    <TALLYMESSAGE xmlns:UDF="TallyUDF">
     <VOUCHER REMOTEID="fcc64c54-7f57-4e9e-a033-85d0903d4268-00000346" VCHKEY="fcc64c54-7f57-4e9e-a033-85d0903d4268-0000b1a1:00000028" VCHTYPE="Purchase" ACTION="Create" OBJVIEW="Accounting Voucher View">
      <OLDAUDITENTRYIDS.LIST TYPE="Number">
       <OLDAUDITENTRYIDS>-1</OLDAUDITENTRYIDS>
      </OLDAUDITENTRYIDS.LIST>
      <DATE>20240701</DATE>
      <GUID>fcc64c54-7f57-4e9e-a033-85d0903d4268-00000346</GUID>
      <STATENAME>Maharashtra</STATENAME>
      <COUNTRYOFRESIDENCE>India</COUNTRYOFRESIDENCE>
      <PARTYNAME>Aarti Pol</PARTYNAME>
      <PARTYLEDGERNAME>Aarti Pol</PARTYLEDGERNAME>
      <VOUCHERTYPENAME>Purchase</VOUCHERTYPENAME>
      <VOUCHERNUMBER>1</VOUCHERNUMBER>
      <BASICBASEPARTYNAME>Aarti Pol</BASICBASEPARTYNAME>
      <CSTFORMISSUETYPE/>
      <CSTFORMRECVTYPE/>
      <FBTPAYMENTTYPE>Default</FBTPAYMENTTYPE>
      <PERSISTEDVIEW>Accounting Voucher View</PERSISTEDVIEW>
      <BASICDATETIMEOFINVOICE>1-Jul-2024 at 13:54</BASICDATETIMEOFINVOICE>
      <BASICDATETIMEOFREMOVAL>1-Jul-2024 at 13:54</BASICDATETIMEOFREMOVAL>
      <VCHGSTCLASS/>
      <DIFFACTUALQTY>No</DIFFACTUALQTY>
      <ISMSTFROMSYNC>No</ISMSTFROMSYNC>
      <ASORIGINAL>No</ASORIGINAL>
      <AUDITED>No</AUDITED>
      <FORJOBCOSTING>No</FORJOBCOSTING>
      <ISOPTIONAL>No</ISOPTIONAL>
      <EFFECTIVEDATE>20240701</EFFECTIVEDATE>
      <USEFOREXCISE>No</USEFOREXCISE>
      <ISFORJOBWORKIN>No</ISFORJOBWORKIN>
      <ALLOWCONSUMPTION>No</ALLOWCONSUMPTION>
      <USEFORINTEREST>No</USEFORINTEREST>
      <USEFORGAINLOSS>No</USEFORGAINLOSS>
      <USEFORGODOWNTRANSFER>No</USEFORGODOWNTRANSFER>
      <USEFORCOMPOUND>No</USEFORCOMPOUND>
      <USEFORSERVICETAX>No</USEFORSERVICETAX>
      <ISDELETED>No</ISDELETED>
      <ISONHOLD>No</ISONHOLD>
      <ISBOENOTAPPLICABLE>No</ISBOENOTAPPLICABLE>
      <ISEXCISEVOUCHER>No</ISEXCISEVOUCHER>
      <EXCISETAXOVERRIDE>No</EXCISETAXOVERRIDE>
      <USEFORTAXUNITTRANSFER>No</USEFORTAXUNITTRANSFER>
      <IGNOREPOSVALIDATION>No</IGNOREPOSVALIDATION>
      <EXCISEOPENING>No</EXCISEOPENING>
      <USEFORFINALPRODUCTION>No</USEFORFINALPRODUCTION>
      <ISTDSOVERRIDDEN>No</ISTDSOVERRIDDEN>
      <ISTCSOVERRIDDEN>No</ISTCSOVERRIDDEN>
      <ISTDSTCSCASHVCH>No</ISTDSTCSCASHVCH>
      <INCLUDEADVPYMTVCH>No</INCLUDEADVPYMTVCH>
      <ISSUBWORKSCONTRACT>No</ISSUBWORKSCONTRACT>
      <ISVATOVERRIDDEN>No</ISVATOVERRIDDEN>
      <IGNOREORIGVCHDATE>No</IGNOREORIGVCHDATE>
      <ISVATPAIDATCUSTOMS>No</ISVATPAIDATCUSTOMS>
      <ISDECLAREDTOCUSTOMS>No</ISDECLAREDTOCUSTOMS>
      <ISSERVICETAXOVERRIDDEN>No</ISSERVICETAXOVERRIDDEN>
      <ISISDVOUCHER>No</ISISDVOUCHER>
      <ISEXCISEOVERRIDDEN>No</ISEXCISEOVERRIDDEN>
      <ISEXCISESUPPLYVCH>No</ISEXCISESUPPLYVCH>
      <ISGSTOVERRIDDEN>No</ISGSTOVERRIDDEN>
      <GSTNOTEXPORTED>No</GSTNOTEXPORTED>
      <IGNOREGSTINVALIDATION>No</IGNOREGSTINVALIDATION>
      <ISGSTREFUND>No</ISGSTREFUND>
      <ISGSTSECSEVENAPPLICABLE>No</ISGSTSECSEVENAPPLICABLE>
      <ISVATPRINCIPALACCOUNT>No</ISVATPRINCIPALACCOUNT>
      <ISSHIPPINGWITHINSTATE>No</ISSHIPPINGWITHINSTATE>
      <ISOVERSEASTOURISTTRANS>No</ISOVERSEASTOURISTTRANS>
      <ISDESIGNATEDZONEPARTY>No</ISDESIGNATEDZONEPARTY>
      <ISCANCELLED>No</ISCANCELLED>
      <HASCASHFLOW>No</HASCASHFLOW>
      <ISPOSTDATED>No</ISPOSTDATED>
      <USETRACKINGNUMBER>No</USETRACKINGNUMBER>
      <ISINVOICE>No</ISINVOICE>
      <MFGJOURNAL>No</MFGJOURNAL>
      <HASDISCOUNTS>No</HASDISCOUNTS>
      <ASPAYSLIP>No</ASPAYSLIP>
      <ISCOSTCENTRE>No</ISCOSTCENTRE>
      <ISSTXNONREALIZEDVCH>No</ISSTXNONREALIZEDVCH>
      <ISEXCISEMANUFACTURERON>No</ISEXCISEMANUFACTURERON>
      <ISBLANKCHEQUE>No</ISBLANKCHEQUE>
      <ISVOID>No</ISVOID>
      <ORDERLINESTATUS>No</ORDERLINESTATUS>
      <VATISAGNSTCANCSALES>No</VATISAGNSTCANCSALES>
      <VATISPURCEXEMPTED>No</VATISPURCEXEMPTED>
      <ISVATRESTAXINVOICE>No</ISVATRESTAXINVOICE>
      <VATISASSESABLECALCVCH>No</VATISASSESABLECALCVCH>
      <ISVATDUTYPAID>Yes</ISVATDUTYPAID>
      <ISDELIVERYSAMEASCONSIGNEE>No</ISDELIVERYSAMEASCONSIGNEE>
      <ISDISPATCHSAMEASCONSIGNOR>No</ISDISPATCHSAMEASCONSIGNOR>
      <CHANGEVCHMODE>No</CHANGEVCHMODE>
      <ALTERID> 1335</ALTERID>
      <MASTERID> 838</MASTERID>
      <VOUCHERKEY>195305047851048</VOUCHERKEY>
      <EWAYBILLDETAILS.LIST>      </EWAYBILLDETAILS.LIST>
      <EXCLUDEDTAXATIONS.LIST>      </EXCLUDEDTAXATIONS.LIST>
      <OLDAUDITENTRIES.LIST>      </OLDAUDITENTRIES.LIST>
      <ACCOUNTAUDITENTRIES.LIST>      </ACCOUNTAUDITENTRIES.LIST>
      <AUDITENTRIES.LIST>      </AUDITENTRIES.LIST>
      <DUTYHEADDETAILS.LIST>      </DUTYHEADDETAILS.LIST>
      <SUPPLEMENTARYDUTYHEADDETAILS.LIST>      </SUPPLEMENTARYDUTYHEADDETAILS.LIST>
      <INVOICEDELNOTES.LIST>      </INVOICEDELNOTES.LIST>
      <INVOICEORDERLIST.LIST>      </INVOICEORDERLIST.LIST>
      <INVOICEINDENTLIST.LIST>      </INVOICEINDENTLIST.LIST>
      <ATTENDANCEENTRIES.LIST>      </ATTENDANCEENTRIES.LIST>
      <ORIGINVOICEDETAILS.LIST>      </ORIGINVOICEDETAILS.LIST>
      <INVOICEEXPORTLIST.LIST>      </INVOICEEXPORTLIST.LIST>
      <ALLLEDGERENTRIES.LIST>
       <OLDAUDITENTRYIDS.LIST TYPE="Number">
        <OLDAUDITENTRYIDS>-1</OLDAUDITENTRYIDS>
       </OLDAUDITENTRYIDS.LIST>
       <LEDGERNAME>Aarti Pol</LEDGERNAME>
       <GSTCLASS/>
       <ISDEEMEDPOSITIVE>No</ISDEEMEDPOSITIVE>
       <LEDGERFROMITEM>No</LEDGERFROMITEM>
       <REMOVEZEROENTRIES>No</REMOVEZEROENTRIES>
       <ISPARTYLEDGER>Yes</ISPARTYLEDGER>
       <ISLASTDEEMEDPOSITIVE>No</ISLASTDEEMEDPOSITIVE>
       <ISCAPVATTAXALTERED>No</ISCAPVATTAXALTERED>
       <ISCAPVATNOTCLAIMED>No</ISCAPVATNOTCLAIMED>
       <AMOUNT>460000.00</AMOUNT>
       <VATEXPAMOUNT>460000.00</VATEXPAMOUNT>
       <SERVICETAXDETAILS.LIST>       </SERVICETAXDETAILS.LIST>
       <BANKALLOCATIONS.LIST>       </BANKALLOCATIONS.LIST>
       <BILLALLOCATIONS.LIST>       </BILLALLOCATIONS.LIST>
       <INTERESTCOLLECTION.LIST>       </INTERESTCOLLECTION.LIST>
       <OLDAUDITENTRIES.LIST>       </OLDAUDITENTRIES.LIST>
       <ACCOUNTAUDITENTRIES.LIST>       </ACCOUNTAUDITENTRIES.LIST>
       <AUDITENTRIES.LIST>       </AUDITENTRIES.LIST>
       <INPUTCRALLOCS.LIST>       </INPUTCRALLOCS.LIST>
       <DUTYHEADDETAILS.LIST>       </DUTYHEADDETAILS.LIST>
       <EXCISEDUTYHEADDETAILS.LIST>       </EXCISEDUTYHEADDETAILS.LIST>
       <RATEDETAILS.LIST>       </RATEDETAILS.LIST>
       <SUMMARYALLOCS.LIST>       </SUMMARYALLOCS.LIST>
       <STPYMTDETAILS.LIST>       </STPYMTDETAILS.LIST>
       <EXCISEPAYMENTALLOCATIONS.LIST>       </EXCISEPAYMENTALLOCATIONS.LIST>
       <TAXBILLALLOCATIONS.LIST>       </TAXBILLALLOCATIONS.LIST>
       <TAXOBJECTALLOCATIONS.LIST>       </TAXOBJECTALLOCATIONS.LIST>
       <TDSEXPENSEALLOCATIONS.LIST>       </TDSEXPENSEALLOCATIONS.LIST>
       <VATSTATUTORYDETAILS.LIST>       </VATSTATUTORYDETAILS.LIST>
       <COSTTRACKALLOCATIONS.LIST>       </COSTTRACKALLOCATIONS.LIST>
       <REFVOUCHERDETAILS.LIST>       </REFVOUCHERDETAILS.LIST>
       <INVOICEWISEDETAILS.LIST>       </INVOICEWISEDETAILS.LIST>
       <VATITCDETAILS.LIST>       </VATITCDETAILS.LIST>
       <ADVANCETAXDETAILS.LIST>       </ADVANCETAXDETAILS.LIST>
      </ALLLEDGERENTRIES.LIST>
      <ALLLEDGERENTRIES.LIST>
       <OLDAUDITENTRYIDS.LIST TYPE="Number">
        <OLDAUDITENTRYIDS>-1</OLDAUDITENTRYIDS>
       </OLDAUDITENTRYIDS.LIST>
       <LEDGERNAME>Computer Purchased</LEDGERNAME>
       <GSTCLASS/>
       <ISDEEMEDPOSITIVE>Yes</ISDEEMEDPOSITIVE>
       <LEDGERFROMITEM>No</LEDGERFROMITEM>
       <REMOVEZEROENTRIES>No</REMOVEZEROENTRIES>
       <ISPARTYLEDGER>No</ISPARTYLEDGER>
       <ISLASTDEEMEDPOSITIVE>Yes</ISLASTDEEMEDPOSITIVE>
       <ISCAPVATTAXALTERED>No</ISCAPVATTAXALTERED>
       <ISCAPVATNOTCLAIMED>No</ISCAPVATNOTCLAIMED>
       <AMOUNT>-460000.00</AMOUNT>
       <VATEXPAMOUNT>-460000.00</VATEXPAMOUNT>
       <SERVICETAXDETAILS.LIST>       </SERVICETAXDETAILS.LIST>
       <BANKALLOCATIONS.LIST>       </BANKALLOCATIONS.LIST>
       <BILLALLOCATIONS.LIST>       </BILLALLOCATIONS.LIST>
       <INTERESTCOLLECTION.LIST>       </INTERESTCOLLECTION.LIST>
       <OLDAUDITENTRIES.LIST>       </OLDAUDITENTRIES.LIST>
       <ACCOUNTAUDITENTRIES.LIST>       </ACCOUNTAUDITENTRIES.LIST>
       <AUDITENTRIES.LIST>       </AUDITENTRIES.LIST>
       <INPUTCRALLOCS.LIST>       </INPUTCRALLOCS.LIST>
       <INVENTORYALLOCATIONS.LIST>
        <STOCKITEMNAME>Computer I5</STOCKITEMNAME>
        <ISDEEMEDPOSITIVE>Yes</ISDEEMEDPOSITIVE>
        <ISLASTDEEMEDPOSITIVE>Yes</ISLASTDEEMEDPOSITIVE>
        <ISAUTONEGATE>No</ISAUTONEGATE>
        <ISCUSTOMSCLEARANCE>No</ISCUSTOMSCLEARANCE>
        <ISTRACKCOMPONENT>No</ISTRACKCOMPONENT>
        <ISTRACKPRODUCTION>No</ISTRACKPRODUCTION>
        <ISPRIMARYITEM>No</ISPRIMARYITEM>
        <ISSCRAP>No</ISSCRAP>
        <RATE>50000.00/No</RATE>
        <AMOUNT>-250000.00</AMOUNT>
        <ACTUALQTY> 5 No</ACTUALQTY>
        <BILLEDQTY> 5 No</BILLEDQTY>
        <BATCHALLOCATIONS.LIST>
         <GODOWNNAME>Main Location</GODOWNNAME>
         <BATCHNAME>Primary Batch</BATCHNAME>
         <INDENTNO/>
         <ORDERNO/>
         <TRACKINGNUMBER/>
         <DYNAMICCSTISCLEARED>No</DYNAMICCSTISCLEARED>
         <AMOUNT>-250000.00</AMOUNT>
         <ACTUALQTY> 5 No</ACTUALQTY>
         <BILLEDQTY> 5 No</BILLEDQTY>
         <ADDITIONALDETAILS.LIST>         </ADDITIONALDETAILS.LIST>
         <VOUCHERCOMPONENTLIST.LIST>         </VOUCHERCOMPONENTLIST.LIST>
        </BATCHALLOCATIONS.LIST>
        <DUTYHEADDETAILS.LIST>        </DUTYHEADDETAILS.LIST>
        <SUPPLEMENTARYDUTYHEADDETAILS.LIST>        </SUPPLEMENTARYDUTYHEADDETAILS.LIST>
        <TAXOBJECTALLOCATIONS.LIST>        </TAXOBJECTALLOCATIONS.LIST>
        <COSTTRACKALLOCATIONS.LIST>        </COSTTRACKALLOCATIONS.LIST>
        <REFVOUCHERDETAILS.LIST>        </REFVOUCHERDETAILS.LIST>
        <EXCISEALLOCATIONS.LIST>        </EXCISEALLOCATIONS.LIST>
        <EXPENSEALLOCATIONS.LIST>        </EXPENSEALLOCATIONS.LIST>
       </INVENTORYALLOCATIONS.LIST>
       <INVENTORYALLOCATIONS.LIST>
        <STOCKITEMNAME>Computer I7</STOCKITEMNAME>
        <ISDEEMEDPOSITIVE>Yes</ISDEEMEDPOSITIVE>
        <ISLASTDEEMEDPOSITIVE>Yes</ISLASTDEEMEDPOSITIVE>
        <ISAUTONEGATE>No</ISAUTONEGATE>
        <ISCUSTOMSCLEARANCE>No</ISCUSTOMSCLEARANCE>
        <ISTRACKCOMPONENT>No</ISTRACKCOMPONENT>
        <ISTRACKPRODUCTION>No</ISTRACKPRODUCTION>
        <ISPRIMARYITEM>No</ISPRIMARYITEM>
        <ISSCRAP>No</ISSCRAP>
        <RATE>70000.00/No</RATE>
        <AMOUNT>-210000.00</AMOUNT>
        <ACTUALQTY> 3 No</ACTUALQTY>
        <BILLEDQTY> 3 No</BILLEDQTY>
        <BATCHALLOCATIONS.LIST>
         <GODOWNNAME>Main Location</GODOWNNAME>
         <BATCHNAME>Primary Batch</BATCHNAME>
         <INDENTNO/>
         <ORDERNO/>
         <TRACKINGNUMBER/>
         <DYNAMICCSTISCLEARED>No</DYNAMICCSTISCLEARED>
         <AMOUNT>-210000.00</AMOUNT>
         <ACTUALQTY> 3 No</ACTUALQTY>
         <BILLEDQTY> 3 No</BILLEDQTY>
         <ADDITIONALDETAILS.LIST>         </ADDITIONALDETAILS.LIST>
         <VOUCHERCOMPONENTLIST.LIST>         </VOUCHERCOMPONENTLIST.LIST>
        </BATCHALLOCATIONS.LIST>
        <DUTYHEADDETAILS.LIST>        </DUTYHEADDETAILS.LIST>
        <SUPPLEMENTARYDUTYHEADDETAILS.LIST>        </SUPPLEMENTARYDUTYHEADDETAILS.LIST>
        <TAXOBJECTALLOCATIONS.LIST>        </TAXOBJECTALLOCATIONS.LIST>
        <COSTTRACKALLOCATIONS.LIST>        </COSTTRACKALLOCATIONS.LIST>
        <REFVOUCHERDETAILS.LIST>        </REFVOUCHERDETAILS.LIST>
        <EXCISEALLOCATIONS.LIST>        </EXCISEALLOCATIONS.LIST>
        <EXPENSEALLOCATIONS.LIST>        </EXPENSEALLOCATIONS.LIST>
       </INVENTORYALLOCATIONS.LIST>
       <DUTYHEADDETAILS.LIST>       </DUTYHEADDETAILS.LIST>
       <EXCISEDUTYHEADDETAILS.LIST>       </EXCISEDUTYHEADDETAILS.LIST>
       <RATEDETAILS.LIST>       </RATEDETAILS.LIST>
       <SUMMARYALLOCS.LIST>       </SUMMARYALLOCS.LIST>
       <STPYMTDETAILS.LIST>       </STPYMTDETAILS.LIST>
       <EXCISEPAYMENTALLOCATIONS.LIST>       </EXCISEPAYMENTALLOCATIONS.LIST>
       <TAXBILLALLOCATIONS.LIST>       </TAXBILLALLOCATIONS.LIST>
       <TAXOBJECTALLOCATIONS.LIST>       </TAXOBJECTALLOCATIONS.LIST>
       <TDSEXPENSEALLOCATIONS.LIST>       </TDSEXPENSEALLOCATIONS.LIST>
       <VATSTATUTORYDETAILS.LIST>       </VATSTATUTORYDETAILS.LIST>
       <REFVOUCHERDETAILS.LIST>       </REFVOUCHERDETAILS.LIST>
       <INVOICEWISEDETAILS.LIST>       </INVOICEWISEDETAILS.LIST>
       <VATITCDETAILS.LIST>       </VATITCDETAILS.LIST>
       <ADVANCETAXDETAILS.LIST>       </ADVANCETAXDETAILS.LIST>
      </ALLLEDGERENTRIES.LIST>
      <PAYROLLMODEOFPAYMENT.LIST>      </PAYROLLMODEOFPAYMENT.LIST>
      <ATTDRECORDS.LIST>      </ATTDRECORDS.LIST>
      <GSTEWAYCONSIGNORADDRESS.LIST>      </GSTEWAYCONSIGNORADDRESS.LIST>
      <GSTEWAYCONSIGNEEADDRESS.LIST>      </GSTEWAYCONSIGNEEADDRESS.LIST>
      <TEMPGSTRATEDETAILS.LIST>      </TEMPGSTRATEDETAILS.LIST>
     </VOUCHER>
    </TALLYMESSAGE>
    <TALLYMESSAGE xmlns:UDF="TallyUDF">
     <COMPANY>
      <REMOTECMPINFO.LIST MERGE="Yes">
       <NAME>fcc64c54-7f57-4e9e-a033-85d0903d4268</NAME>
       <REMOTECMPNAME>Alcor Fund Pvt Ltd</REMOTECMPNAME>
       <REMOTECMPSTATE>Maharashtra</REMOTECMPSTATE>
      </REMOTECMPINFO.LIST>
     </COMPANY>
    </TALLYMESSAGE>
    <TALLYMESSAGE xmlns:UDF="TallyUDF">
     <COMPANY>
      <REMOTECMPINFO.LIST MERGE="Yes">
       <NAME>fcc64c54-7f57-4e9e-a033-85d0903d4268</NAME>
       <REMOTECMPNAME>Alcor Fund Pvt Ltd</REMOTECMPNAME>
       <REMOTECMPSTATE>Maharashtra</REMOTECMPSTATE>
      </REMOTECMPINFO.LIST>
     </COMPANY>
    </TALLYMESSAGE>
   </REQUESTDATA>
  </IMPORTDATA>
 </BODY>
</ENVELOPE>
